<?xml version="1.0" encoding="UTF-8"?>
<record xmlns="http://www.loc.gov/MARC21/slim">
   <leader>00639cam a22001815  4500</leader>
   <controlfield tag="001">2787369</controlfield>
   <controlfield tag="003">NjP</controlfield>
   <controlfield tag="005">20010104153334.0</controlfield>
   <controlfield tag="008">991118s1930    ua            000 0 ara d</controlfield>
   <datafield tag="024" ind1="7" ind2=" ">
      <subfield code="a">princeton_aco004411</subfield>
      <subfield code="2">local</subfield>
   </datafield>
   <datafield ind1=" " ind2=" " tag="035">
      <subfield code="a">(OCoLC)ocm42847271</subfield>
   </datafield>
   <datafield ind1=" " ind2=" " tag="035">
      <subfield code="9">CNJ6368TS</subfield>
   </datafield>
   <datafield ind1=" " ind2=" " tag="040">
      <subfield code="a">PUL</subfield>
      <subfield code="c">PUL</subfield>
   </datafield>
   <datafield ind1="1" ind2=" " tag="100">
      <subfield code="a">Marrākushī, Muḥammad ibn Muḥammad ibn ʻAbd Allāh.</subfield>
   </datafield>
   <datafield ind1="0" ind2="3" tag="245">
      <subfield code="a">al-Yawāqīt al-ʻaṣrīyah al-muḥtawiyah ʻalā sittat kutub fī ahamm al-tawārīkh wa-al-ḥawādith wa-al-aḥwāl al-waqtīyah ...</subfield>
   </datafield>
   <datafield ind1=" " ind2=" " tag="260">
      <subfield code="a">Cairo,</subfield>
      <subfield code="b">Muṣṭafā al-Bābī,</subfield>
      <subfield code="c">1349 [1930]</subfield>
   </datafield>
   <datafield ind1=" " ind2=" " tag="300">
      <subfield code="a">400 p.</subfield>
      <subfield code="c">26 cm.</subfield>
   </datafield>
   <datafield ind1=" " ind2=" " tag="546">
      <subfield code="a">In Arabic.</subfield>
   </datafield>
   <datafield ind1=" " ind2=" " tag="945">
      <subfield code="a">F</subfield>
      <subfield code="b">1</subfield>
      <subfield code="c">2272.6227.398</subfield>
   </datafield>
   <datafield ind1=" " ind2=" " tag="911">
      <subfield code="a">20000130</subfield>
   </datafield>
   <datafield ind1="8" ind2="0" tag="852">
      <subfield code="0">3098332</subfield>
      <subfield code="b">rcppa</subfield>
      <subfield code="t">1</subfield>
      <subfield code="h">2272.6227.398</subfield>
      <subfield code="x">tr fr f</subfield>
   </datafield>
   <datafield ind1=" " ind2=" " tag="959">
      <subfield code="a">2009-06-30 16:13:35 -0500</subfield>
   </datafield>
</record>
